@misc{articlulated_robots,
	title = {{LE} {Robotics} - {Articulated} {Robots}},
	howpublished = "\url{http://www.lerobotics.lk/articulated-robots.php}",
	urldate = {2022-07-22},
	note = {publisher: LE Robotics Pvt. Ltd.},
}

@misc{scara_robots,
	title = {{LE} {Robotics} - {SCARA} {Robots}},
	howpublished = "\url{http://www.lerobotics.lk/scara-robots.php}",
	urldate = {2022-07-22},
	note = {publisher: LE Robotics Pvt. Ltd.},
}